@article{TPoriginWater,
   author={Michael J. Drake},
   title={Origin of water in the terrestrial planets},
   journal={Meteoritics \& Planetary Science},
   year=2005,
   pages={519-527}
}

@article{TPLecluse,
   author={Christine LÃ©cluse and Francois Robert},
   title={Hydrogen isotope exchange reaction rates: Origin of water in the inner solar system},
   journal={Geochimica et Cosmochimica},
   year=1994,
}

@article{TPPalme,
   author={H. Palme and K. Lobbers and A. Jones},
   title={Solar system abundances of the elements},
   journal={Treatise on geochemistry},
   year=2003,
}

@article{TPLodders,
   author={Katharina Lodders},
   title={Solar system abundances and condensations temperatures of the elements},
   journal={The Astrophysical Journal},
   year=2003,
}

@article{TPOhtani,
   author={E. Ohtani},
   title={Water in the mantle},
   journal={Elements},
   year=2005,
}

@article{TPRivkin,
   author={A.S. Rivkin and E.S. Howell and F. Vilas and L.A. Lebofsky},
   title={Hydrated Minerals on Asteroids: The Astronomical Record},
   journal={University of Arizona Press \& the Lunar and Planetary Institute},
   year=2001
}

@article{TPStimpf1,
   author={A. Asaduzzaman and S. Laref and P.A. Deymier and K. Runge and H.P. Cheng and K. Muralidharan and M.J. Drake},
   title={A first-principles characterization of water adsorption on forsterite grains},
   journal={Royal Society Publishing},
   year=2013
}

@article{TPStimpf2,
   author={M. Stimpf and D.S. Lauretta and M.J. Drake},
   title={Adsorption as a mechanism to deliver water to the Earth},
   journal={Meteoritics \& Planetary Science},
   year=2004
}

@article{TPchemistry,
   author={S. Cazaux and V. Cobut and M. Marseille and M. Spaans and P. Caselli},
   title={Water formation on bare grains: When the chemistry on dust
impacts interstellar gas},
   journal={Astromy \& Astrophysics},
   year=2010
}

@article{TPmagma,
   author={Linda T. Elkins-Tanton},
   title={Magma Oceans in the Inner Solar System},
   journal={Earth and Planetary Sciences},
   year=2012
}

@article{TPthreeEras,
   author={A.P. Ingersoll},
   title={Three eras of planetary exploration},
   journal={Nature Astronomy},
   year=2017
}

@article{TPformationPlanetesimals,
   author={T. LaTourretta and G.J. Wasserburg},
   title={Mg diffusion in anorthite: implications for the formation of early solar system planetesimals},
   journal={Elsevier},
   year=1998
}