@article{BOMB1,
   author={Timo Hopp and Thorsten Kleine},
   title={Nature of Late Accretion to Earth Inferred from Mass-dependent Ru Isotopic Compositions of Chondrites and Mantle Peridotites},
   journal={Earth and Planetary Science Letters},
   year=2018,
   pages={50-59}
}

@article{BOMB2,
   author={Kan Kimura and Roy S. Lewis and Edward Anders},
   title={Distribution of Gold and Rhenium between Nickel-iron and Silicate Melts: Implications for the Abundance of Siderophile Elements on the Earth and Moon},
   journal={Geochimica Et Cosmochimica Acta 38},
   year=1974
}

@article{BOMB3,
   author={Maruyama Shigenori and Toshikazu Ebisuzaki},
   title={Origin of the Earth: A Proposal of New Model Called ABEL},
   journal={Geoscience Frontiers},
   year=2017
}

@article{BOMB4,
   author={Edward Anders},
   title={Chemical Processes in the Early Solar System, as Inferred from Meteorites},
   journal={Accounts of Chemical Research},
   year=1968
}

@article{BOMB5,
   author={A. Ishikawa and K. Suzuki and K.D. Collerson and J. Liu and D.G. Pearson and T. Komiya},
   title={Rhenium-osmium Isotopes and Highly Siderophile Elements in Ultramafic Rocks from the Eoarchean Saglek Block, Northern Labrador, Canada: Implications for Archean Mantle Evolution},
   journal={Geochimica Et Cosmochimica Acta 216},
   year=2017
}

@article{BOMB6,
   author={R.A Fischer and F. Nimmo and D.P O'Brien},
   title={Radial Mixing and Ru–Mo Isotope Systematics under Different Accretion Scenarios},
   journal={Earth and Planetary Science Letters},
   year=2018
}

@article{BOMB7,
   author={Timo Hopp and Thorsten Kleine},
   title={Nature of Late Accretion to Earth Inferred from Mass-dependent Ru Isotopic Compositions of Chondrites and Mantle Peridotites},
   journal={Earth and Planetary Science Letters},
   year=2018
}

@article{BOMB8,
   author={A. Morbidelli and J. Chambers and J.I. Lunine and J. M. Petit and F. Robert and G. B. Valsecchi and K. E. Cyr},
   title={Source Regions and Timescales for the Delivery of Water to the Earth},
   journal={Meteoritics & Planetary Science},
   year=2000
}

@article{BOMB9,
   author={S. Marchi and R.M. Canup and R.J. Walker},
   title={Heterogeneous Delivery of Silicate and Metal to the Earth by Large Planetesimals},
   journal={Nature Geoscience},
   year=2017
}

@article{BOMB10,
   author={Nicolas dauphas and Bernard Marty},
   title={Inference on the Nature and the Mass of Earths Late Veneer from Noble Metals and Gases},
   journal={Journal of Geophysical Research: Planets},
   year=2002
}

@article{BOMB11,
   author={Lydia J. Hallis and Gary R. Huss and Kazuhide Nagashima and G. Jeffrey Taylor and Sæmundur A. Halldórsson and David R. hilton and Michael J. Mottl and Karen J. Meech},
   title={Evidence for primordial water in Earth’s deep mantle},
   journal={Science},
   year=2015
}

@article{BOMB12,
   author={L. Vattuone and Marco Smerieri and Letizia Savio and Abu Md Asaduzzaman and Krishna Muralidharan and M. J. Drake and Mario Rocca},
   title={Accretion disc origin of the Earth's water},
   journal={Philosophical transactions. Series A, Mathematical, physical, and engineering sciences},
   year=1994
}

@article{BOMB13,
   author={Richard C. Greenwood and Jean-Alix Barrat and Martin F. Miller and Mahesh Anand and Nicolas Dauphas and Ian A. Franchi and Patrick Sillard and Natalie A. Starkey},
   title={Correction for the Research Article: Oxygen Isotopic Evidence for Accretion of Earth’s Water before a High-energy Moon-forming Giant Impact},
   journal={Science Advances},
   year=2018
}

@article{BOMB14,
   author={J. Horner and O. Mousis and J.-M. Petit and B.W. Jones},
   title={Differences between the Impact Regimes of the Terrestrial Planets: Implications for Primordial D:H Ratios},
   journal={Planetary and Space Science},
   year=2009
   }
   
@article{67P_Mass,
title = "The global shape, density and rotation of Comet 67P/Churyumov-Gerasimenko from preperihelion Rosetta/OSIRIS observations",
journal = "Icarus",
volume = "277",
pages = "257 - 278",
year = "2016",
issn = "0019-1035",
doi = "https://doi.org/10.1016/j.icarus.2016.05.002",
url = "http://www.sciencedirect.com/science/article/pii/S0019103516301385",
author = "L. Jorda and R. Gaskell and C. Capanna and S. Hviid and P. Lamy and J. Ďurech and G. Faury and O. Groussin and P. Gutiérrez and C. Jackman and S.J. Keihm and H.U. Keller and J. Knollenberg and E. Kührt and S. Marchi and S. Mottola and E. Palmer and F.P. Schloerb and H. Sierks and J.-B. Vincent and M.F. A’Hearn and C. Barbieri and R. Rodrigo and D. Koschny and H. Rickman and M.A. Barucci and J.L. Bertaux and I. Bertini and G. Cremonese and V. Da Deppo and B. Davidsson and S. Debei and M. De Cecco and S. Fornasier and M. Fulle and C. Güttler and W.-H. Ip and J.R. Kramm and M. Küppers and L.M. Lara and M. Lazzarin and J.J. Lopez Moreno and F. Marzari and G. Naletto and N. Oklay and N. Thomas and C. Tubiana and K.-P. Wenzel",
keywords = "Comets, nucleus, Comets, dynamics, Comets, origin, Image processing, Data reduction techniques"
}

@article{67P_Water,
	author = {Kofman, Wlodek and Herique, Alain and Barbin, Yves and Barriot, Jean-Pierre and Ciarletti, Val{\'e}rie and Clifford, Stephen and Edenhofer, Peter and Elachi, Charles and Eyraud, Christelle and Goutail, Jean-Pierre and Heggy, Essam and Jorda, Laurent and Lasue, J{\'e}r{\'e}mie and Levasseur-Regourd, Anny-Chantal and Nielsen, Erling and Pasquero, Pierre and Preusker, Frank and Puget, Pascal and Plettemeier, Dirk and Rogez, Yves and Sierks, Holger and Statz, Christoph and Svedhem, Hakan and Williams, Iwan and Zine, Sonia and Van Zyl, Jakob},
	title = {Properties of the 67P/Churyumov-Gerasimenko interior revealed by CONSERT radar},
	volume = {349},
	number = {6247},
	year = {2015},
	doi = {10.1126/science.aab0639},
	publisher = {American Association for the Advancement of Science},
	journal = {Science}
}

@misc{Comet_Yeomans,
  author = {"Donald K. Yeomans"},
  title = {"Comet"},
  howpublished = {\url{https://web.archive.org/web/20050429084558/http://www.nasa.gov/worldbook/comet_worldbook.html}},
  note = {Accessed: 2018-10-08}
}

@inproceedings{Britt2006SmallBD,
  title={"Small Body Density and Porosity : New Data , New Insights"},
  author={"Daniel T. Britt and G. J. Consol-magno and William J. Merline"},
  year={2006}
}
@Article{Cevolani1987,
author="Cevolani, G.
and Bortolotti, G.
and Hajduk, A.",
title="Debris from comet Halley, comet's mass loss and age",
journal="Il Nuovo Cimento C",
year="1987",
month="Sep",
day="01",
volume="10",
number="5",
pages="587--591",
issn="0390-5551",
doi="10.1007/BF02507255",
url="https://doi.org/10.1007/BF02507255"
}

@Article{Comet_AvgSz,
author={"Mendis, D. A. and Marconi, M. L."},
title={"A note on the total mass of comets in the solar system"},
journal={"Earth, Moon, and Planets"},
year={"1986"},
month={"Oct"},
day={"01"},
volume={"36"},
number={"2"},
pages={"187-190"},
issn={"1573-0794"},
doi={"10.1007/BF00057610"},
url={"https://doi.org/10.1007/BF00057610"}
}

@Article{Comet_Num,
  author={"S. K. Vsekhsviatskii"},
  title={Comets, Small Bodies, and Problems of the Solar System},
  journal={Publications of the Astronomical Society of the Pacific},
  volume={74},
  number={437},
  pages={106},
  url={http://stacks.iop.org/1538-3873/74/i=437/a=106},
  year={1962},
}

@article{ABEL_1,
author = "Shigenori Maruyama and Toshikazu Ebisuzaki",
title = "Origin of the Earth: A proposal of new model called ABEL",
journal = "Geoscience Frontiers",
volume = "8",
number = "2",
pages = "253 - 274",
year = "2017",
issn = "1674-9871",
doi = "https://doi.org/10.1016/j.gsf.2016.10.005",
url = "http://www.sciencedirect.com/science/article/pii/S167498711630144X"
}	

@article{ABEL_2,
title = "Initiation of plate tectonics in the Hadean: Eclogitization triggered by the ABEL Bombardment",
journal = "Geoscience Frontiers",
volume = "9",
number = "4",
pages = "1033 - 1048",
year = "2018",
issn = "1674-9871",
doi = "https://doi.org/10.1016/j.gsf.2016.11.009",
url = "http://www.sciencedirect.com/science/article/pii/S1674987116302079",
author = "Shigenori Maruyama and M. Santosh and Shintaro Azuma",
}
@article{ABEL_3,
title = "Hadean Earth and primordial continents: The cradle of prebiotic life",
journal = "Geoscience Frontiers",
volume = "8",
number = "2",
pages = "309 - 327",
year = "2017",
note = "Frontiers in Early Earth History and Primordial Life- Part I",
issn = "1674-9871",
doi = "https://doi.org/10.1016/j.gsf.2016.07.005",
url = "http://www.sciencedirect.com/science/article/pii/S1674987116300834",
author = "M. Santosh and T. Arai and S. Maruyama",
}

@misc{observed_objects,
  author = {"Wm. Robert Johnston"},
  title = {"Known populations of solar system objects: July 2018"},
  howpublished = {\url{http://www.johnstonsarchive.net/astro/sslist.html}},
  note = {Accessed: 2018-10-13}
}

@article{LHB_Timeframe,
author = {Ryder, Graham},
title = {Mass flux in the ancient Earth-Moon system and benign implications for the origin of life on Earth},
journal = {Journal of Geophysical Research: Planets},
volume = {107},
number = {E4},
pages = {6-1-6-13},
keywords = {Impacts, cataclysm, heavy bombardment, basins, accretion, life},
doi = {10.1029/2001JE001583},
url = {https://agupubs.onlinelibrary.wiley.com/doi/abs/10.1029/2001JE001583},
eprint = {https://agupubs.onlinelibrary.wiley.com/doi/pdf/10.1029/2001JE001583},
}

@article{morbidelli2000source,
  author = {Morbidelli, A. and Chambers, J. and Lunine, J. I. and Petit, J. M. and Robert, F. and Valsecchi, G. B. and Cyr, K. E.},
  year = {2000},
  title = {Source regions and timescales for the delivery of water to the Earth},
  journal = {Meteoritics & Planetary Science},
  publisher = {Wiley Online Library},
  issn = {1945-5100},
  doi = {10.1111/j.1945-5100.2000.tb01518.x},
  volume = {35},
  month = {11},
  pages = {1309--1320},
  number = {6},
  url = {http:https://doi.org/10.1111/j.1945-5100.2000.tb01518.x}
}

@article{AsteroidBelt,
  title={A record of planet migration in the main asteroid belt},
  author={David Minton and Renu Malhotra},
  journal={Nature},
  year={2009},
  volume={457},
  pages={1109-1111}
}

@misc{asteroid_AvgSz,
  author = {"NASA"},
  title = {"In Depth | Asteroids – Solar System Exploration: NASA Science"},
  howpublished = {\url{https://solarsystem.nasa.gov/small-bodies/asteroids/in-depth/}},
  note = {Accessed: 2018-10-13}
}

@article{Asteroid_Density,
title = "Hidden Mass in the Asteroid Belt",
journal = "Icarus",
volume = "158",
number = "1",
pages = "98 - 105",
year = "2002",
issn = "0019-1035",
doi = "https://doi.org/10.1006/icar.2002.6837",
url = "http://www.sciencedirect.com/science/article/pii/S0019103502968375",
author = "G.A. Krasinsky and E.V. Pitjeva and M.V. Vasilyev and E.I. Yagudina"
}

@article{PrimAstBelt,
title = "The Primordial Excitation and Clearing of the Asteroid Belt",
journal = "Icarus",
volume = "153",
number = "2",
pages = "338 - 347",
year = "2001",
issn = "0019-1035",
doi = "https://doi.org/10.1006/icar.2001.6702",
url = "http://www.sciencedirect.com/science/article/pii/S0019103501967028",
author = "Jean-Marc Petit and Alessandro Morbidelli and John Chambers"
}
@article {Emptybelt,
	author = {Raymond, Sean N. and Izidoro, Andre},
	title = {The empty primordial asteroid belt},
	volume = {3},
	number = {9},
	year = {2017},
	doi = {10.1126/sciadv.1701138},
	publisher = {American Association for the Advancement of Science},
	URL = {http://advances.sciencemag.org/content/3/9/e1701138},
	eprint = {http://advances.sciencemag.org/content/3/9/e1701138.full.pdf},
	journal = {Science Advances}
}
@article{AsteroidBeltMass,
title = "Hidden Mass in the Asteroid Belt",
journal = "Icarus",
volume = "158",
number = "1",
pages = "98 - 105",
year = "2002",
issn = "0019-1035",
doi = "https://doi.org/10.1006/icar.2002.6837",
url = "http://www.sciencedirect.com/science/article/pii/S0019103502968375",
author = "G.A. Krasinsky and E.V. Pitjeva and M.V. Vasilyev and E.I. Yagudina"
}
@article{LavaOcean,
title = "The impact environment of the Hadean Earth",
journal = "Chemie der Erde - Geochemistry",
volume = "73",
number = "3",
pages = "227 - 248",
year = "2013",
issn = "0009-2819",
doi = "https://doi.org/10.1016/j.chemer.2013.08.004",
url = "http://www.sciencedirect.com/science/article/pii/S000928191300069X",
author = "Oleg Abramov and David A. Kring and Stephen J. Mojzsis",
keywords = "Hadean, Zircon, Late heavy bombardment, Origin of life, Thermal modeling, Cratering processes"
}
@ARTICLE{ImpactDust,
   author = {{Toon}, O.~B. and {Zahnle}, K. and {Morrison}, D. and {Turco}, R. and 
	{Covey}, C.},
    title = "{Environmental Perturbations Caused by the Impacts of Asteroids and Comets}",
  journal = {Annals of the New York Academy of Sciences},
 keywords = {Asteroids, Comets, Environment Effects, Structural Basins, Water Vapor, Boundaries, Earthquakes, Perturbation, Tsunami Waves, Geology},
     year = 1997,
    month = may,
   volume = 822,
    pages = {401},
      doi = {10.1111/j.1749-6632.1997.tb48357.x},
   adsurl = {http://adsabs.harvard.edu/abs/1997NYASA.822..401T},
  adsnote = {Provided by the SAO/NASA Astrophysics Data System}
}